<?xml version="1.0" encoding="UTF-8"?><collection xmlns="http://www.loc.gov/MARC21/slim"><record><leader>00358nam--2200133-i-4500</leader><controlfield tag="001">000033659</controlfield><controlfield tag="002">20161230</controlfield><controlfield tag="005">20161230201039</controlfield><controlfield tag="008">060222s1000------------r-----000-0-eng-d</controlfield><datafield ind1=" " ind2=" " tag="100"><subfield code="a">Neeteson, P.A</subfield></datafield><datafield ind1=" " ind2=" " tag="245"><subfield code="a">Vacuum valves in pulse technique</subfield></datafield><datafield ind1=" " ind2=" " tag="260"><subfield code="a">Eindhoven, N.V.Philips, 1955. Viii + 170p. Cu Fig</subfield></datafield><datafield ind1=" " ind2=" " tag="490"><subfield code="a">Philips Technical Library</subfield></datafield><datafield ind1=" " ind2=" " tag="852"><subfield code="a">10935</subfield></datafield></record></collection>